<?xml version="1.0" encoding="UTF-8"?><collection><record><leader>06889ntm a2200553 a 4500</leader><controlfield tag="001">006305641</controlfield><controlfield tag="003">MiAaHDL</controlfield><controlfield tag="005">20190719000000.0</controlfield><controlfield tag="006">m        d        </controlfield><controlfield tag="007">cr bn ---auaua</controlfield><controlfield tag="008">090417s1761    xx            00| ||ara d</controlfield><datafield tag="035" ind1=" " ind2=" "><subfield code="a">(MiU)006305641</subfield></datafield><datafield tag="035" ind1=" " ind2=" "><subfield code="a">sdr-miu006305641</subfield></datafield><datafield tag="040" ind1=" " ind2=" "><subfield code="a">MiU</subfield><subfield code="c">MiU</subfield><subfield code="e">amremm</subfield></datafield><datafield tag="043" ind1=" " ind2=" "><subfield code="a">n-us-mi</subfield></datafield><datafield tag="100" ind1="1" ind2=" "><subfield code="6">880-01</subfield><subfield code="a">Marʻashī, ʻAbd al-Raḥīm ibn Abī Bakr.</subfield></datafield><datafield tag="245" ind1="1" ind2="3"><subfield code="6">880-03</subfield><subfield code="a">al-Muʻādil,</subfield><subfield code="f">[1174, i.e. 1761].</subfield></datafield><datafield tag="246" ind1="3" ind2=" "><subfield code="i">Title from inscription on front flyleaf (p.1):</subfield><subfield code="a">كمال پاشا زاده على الملتقى</subfield></datafield><datafield tag="260" ind1=" " ind2=" "><subfield code="c">[1761].</subfield></datafield><datafield tag="300" ind1=" " ind2=" "><subfield code="a">314 leaves :</subfield><subfield code="b">paper ;</subfield><subfield code="c">270 x 165 (219 x 95) mm.</subfield></datafield><datafield tag="500" ind1=" " ind2=" "><subfield code="a">Shelfmark: Ann Arbor, University of Michigan, Special Collections Library, Isl. Ms. 90</subfield></datafield><datafield tag="500" ind1=" " ind2=" "><subfield code="a">Origin: As appears in colophon on p.605, copied by Amīr Aḥmadʻzādah ʻAlī al-Ḥājj (Emir Ahmetzade Ali) with transcription finished ("qad waqaʻa al-farāgh min al-Muʻādil...") in Jumādá II 1174 [January-February 1761].</subfield></datafield><datafield tag="500" ind1=" " ind2=" "><subfield code="a">Accompanying materials: Several slips carrying glosses, notes, etc. (paginated pp.37-38, pp.245-246 [markings only, no writing and decoratively trimmed in the shape of a helmet or dome], pp.411-412, pp.459-460).</subfield></datafield><datafield tag="500" ind1=" " ind2=" "><subfield code="a">Former shelfmark: British Museum, London "No. 119. Multaka al-abhur, with commentary."</subfield></datafield><datafield tag="500" ind1=" " ind2=" "><subfield code="a">Binding: Pasteboards covered in dark brown leather ; Type II binding (with flap, now lost) ; board linings in pink-tinted laid paper ; upper and lower covers bear blind-stamped scalloped mandorla and cornerpieces with recessed onlays, along with tooled border in a series of s-shaped stamps ; sewn in cream or light pink thread, two stations, loose or gone in several places ; in quite poor condition with significant abrasion, lifting and losses of leather (especially at spine and hinges), loss of flap, upper and lower covers detaching at spine, textblock split through spine, moiture damage, delamination of boards, etc. ; housed in box for protection.</subfield></datafield><datafield tag="500" ind1=" " ind2=" "><subfield code="a">Support: European laid paper of several types, mainly with 11-12 laid lines per cm. (vertical), chain lines spaced 24 mm. apart (horizontal), and grapes below letters watermark (also name, difficult to read, see pp.482-83); another type, lighter in color, bears 11 laid lines per cm. (vertical), chain lines spaced 20-22 mm. apart (horizontal), and three hats watermark ; staining and tide lines.</subfield></datafield><datafield tag="500" ind1=" " ind2=" "><subfield code="a">Decoration: Keywords, section headings, and abbreviation symbols rubricated ; textual dividers in the form of red discs ; overlining in red ; written area surrounded by red rule-border throughout ; diagram in the margin of p.345.</subfield></datafield><datafield tag="500" ind1=" " ind2=" "><subfield code="a">Script: Naskh with influence of nastaʻlīq ; elegant Persianate [?] hand ; partially seriffed with left-sloping head serifs appearing occasionally on lām of definite article, etc. ; effect of words descending to baseline ; elongation of horizontal strokes ; compact with mainly closed counters ; point of final nūn occasionally assimilated with bowl ; kāf mashkūlah (mashqūqah) preferred.</subfield></datafield><datafield tag="500" ind1=" " ind2=" "><subfield code="a">Layout: Written in 31 lines per page ; frame-ruled.</subfield></datafield><datafield tag="500" ind1=" " ind2=" "><subfield code="a">Collation: i, VI (12), IV (20), 2 V(40), VI (52), 25 V(302), VI (314) ; chiefly quinions ; sexternions at opening and close mainly carry contents listing (pp.8-13) and extratextual material (masāʼil, excerpts from other works, notes, etc.) ; final two leaves left blank ; catchwords present (often in lower inner margin to the left of the final line on the recto of each leaf) or last word of final line on the verso is repeated at the beginning of the first line on the following recto; foliation in black ink, Hindu-Arabic numerals ; pagination in pencil, Western numerals, supplied during digitization (includes front flyleaf ; skips two pages each between pp.5-6 and pp.601-602 and repeats ten pages dropping from p.549 to p.540).</subfield></datafield><datafield tag="500" ind1=" " ind2=" "><subfield code="a">Colophon: "Scribal," triangular, reads: "قد وقع الفراغ من المعادل غفر لطالبه الملك العادل ولاستاذه ووالديه [؟] ولمن محبا [؟] دعا اليه على يد الضعيف الحقير المحتاج امير احمد زاده علي الحاج في اربع وسبعين والف ومائة في جمادى الاخرى في يوم الجمعة من الهجرة النبوية"</subfield></datafield><datafield tag="500" ind1=" " ind2=" "><subfield code="a">Explicit: "حتى يسهل الطلب على من اشتبه عليه صحة شيء مما ليس في الكتب الاربعة الحمد لله على التمام والصلوة على محمد عليه الصلوة والسلام واصحابه الكرام اللهم اجعله ذخرا نافعا في يوم الحشر والقيام بحرمة انبيائه الكرام العظام"</subfield></datafield><datafield tag="500" ind1=" " ind2=" "><subfield code="a">Incipit: "الحمد لله الذي من علينا باحياء طهارة القلوب … وبعد فان الراجي عفو ربه الكريم ... عبد الرحيم بن ابي بكر بن سليمان المسلو المرعشي يقول بعون الله ان كتاب الموسوم بملتقى الابحر كتاب حري ... فسميتها بالمعادل"</subfield></datafield><datafield tag="500" ind1=" " ind2=" "><subfield code="a">Title from opening on p.16.</subfield></datafield><datafield tag="500" ind1=" " ind2=" "><subfield code="a">Ms. codex.</subfield></datafield><datafield tag="510" ind1="4" ind2=" "><subfield code="a">Brockelmann, C. GAL,</subfield><subfield code="c">S II, 643 ; II, 432</subfield></datafield><datafield tag="520" ind1="8" ind2=" "><subfield code="a">Commentary on al al-Ḥalabī's Multaqá al-abḥur, a treatise of Ḥanafī fiqh. Includes table of contents (pp.8-13) and extensive extratextual material (masāʼil, notes, excerpts from other works, etc.) preceding and following the text.</subfield></datafield><datafield tag="538" ind1=" " ind2=" "><subfield code="a">Mode of access: Internet.</subfield></datafield><datafield tag="541" ind1=" " ind2=" "><subfield code="c">Purchase ;</subfield><subfield code="a">Acquired by purchase (funds donated by Horace Rackham).</subfield><subfield code="d">1924.</subfield></datafield><datafield tag="546" ind1=" " ind2=" "><subfield code="a">Arabic.</subfield></datafield><datafield tag="561" ind1=" " ind2=" "><subfield code="a">Bookplate of British Museum, London on interior of upper cover, "British Museum, London. No. 119. Multaka al-abhur, with commentary." ; circular seal impression with figure of goat/gazelle in purple ink as well as inscription "32" in Western numerals on front flyleaf (p.1) ; octagonal seal impression on insert paginated pp.37-38 "عبده حسين ..." ; birth notice adjacent to colophon on p.605 ; numerous glosses and marginal corrections ; occasional notabilia ; collation marks "بلغ" appear regularly in the margins ; prayers/invocations appear at the headings of most pages.</subfield></datafield><datafield tag="600" ind1="1" ind2="0"><subfield code="a">Ḥalabī, Ibrāhīm ibn Muḥammad,</subfield><subfield code="d">d. 1549 or 50.</subfield><subfield code="t">Multaqá al-abḥur.</subfield></datafield><datafield tag="650" ind1=" " ind2="0"><subfield code="a">Manuscripts, Arabic</subfield><subfield code="z">Michigan</subfield><subfield code="z">Ann Arbor.</subfield></datafield><datafield tag="650" ind1=" " ind2="0"><subfield code="a">Hanafites</subfield><subfield code="v">Early works to 1800.</subfield></datafield><datafield tag="650" ind1=" " ind2="0"><subfield code="a">Islamic law</subfield><subfield code="v">Early works to 1800.</subfield></datafield><datafield tag="700" ind1="0" ind2=" "><subfield code="6">880-05</subfield><subfield code="a">Emir Ahmetzade Ali,</subfield><subfield code="d">fl. 1761,</subfield><subfield code="e">scribe.</subfield></datafield><datafield tag="773" ind1="0" ind2=" "><subfield code="a">Tiflis Collection.</subfield></datafield><datafield tag="880" ind1="0" ind2=" "><subfield code="6">700-05/</subfield><subfield code="a">امير احمد زاده على،</subfield><subfield code="t">ناسخ.</subfield></datafield><datafield tag="880" ind1="1" ind2="2"><subfield code="6">245-03/</subfield><subfield code="a">المعادل,</subfield><subfield code="f">[1174ه, 1761م].</subfield></datafield><datafield tag="880" ind1="1" ind2=" "><subfield code="6">100-01/</subfield><subfield code="a">مرعشي، عبد الرحمن بن ابي بكر.</subfield></datafield><datafield tag="CID" ind1=" " ind2=" "><subfield code="a">006305641</subfield></datafield><datafield tag="DAT" ind1="0" ind2=" "><subfield code="a">20190719102634.0</subfield><subfield code="b">20190719000000.0</subfield></datafield><datafield tag="DAT" ind1="1" ind2=" "><subfield code="a">20190719090653.0</subfield><subfield code="b">2019-07-19T16:11:14Z</subfield></datafield><datafield tag="DAT" ind1="2" ind2=" "><subfield code="a">2015-10-02T18:00:03Z</subfield></datafield><datafield tag="CAT" ind1=" " ind2=" "><subfield code="a">SDR-MIU</subfield><subfield code="d">EX LIBRIS - ALEPH</subfield><subfield code="l">prepare.pl-004-008</subfield></datafield><datafield tag="FMT" ind1=" " ind2=" "><subfield code="a">BK</subfield></datafield><datafield tag="HOL" ind1=" " ind2=" "><subfield code="0">sdr-miu006305641</subfield><subfield code="a">MiU</subfield><subfield code="b">SDR</subfield><subfield code="c">MIU</subfield><subfield code="p">mdp.39015079124791</subfield><subfield code="s">MIU</subfield><subfield code="1">006305641</subfield></datafield><datafield tag="974" ind1=" " ind2=" "><subfield code="b">MIU</subfield><subfield code="c">MIU</subfield><subfield code="d">20190719</subfield><subfield code="s">lit-dlps-dc</subfield><subfield code="u">mdp.39015079124791</subfield><subfield code="y">1761</subfield><subfield code="r">pd</subfield><subfield code="q">bib</subfield><subfield code="t">non-US bib date1 &lt; 1879</subfield></datafield></record></collection>